@article{NagumoNakamuraTaka01,
   author="Nagumo, M. and Nakamura, M. and Taka, K.",
   title="Hydrogen Thermal Desorption Relevant to Delayed-Fracture Susceptibility of High-Strength Steels",
   journal="Metallurgical and Materials Transactions A", volume="32", pages="339--347", year="2001"}

@article{OldenThaulowJohnsen0stbyBerstad08,
   author="Olden, V. and Thaulow, C. and Johnsen, R. and Østby, E. and Berstad, T.",
   title="Application of hydrogen influenced cohesive laws in the prediction of hydrogen induced stress cracking in 25%Cr duplex stainless steel",
   journal="Eng. Fract. Mech.", volume="75", pages="2333–2351", year="2008"}

@article{JemblieOldenAkselsen17,
   author="Jemblie, L. and Olden, V. and Akselsen, O.M.",
   title="A coupled diffusion and cohesive zone
   modelling approach for numerically assessing hydrogen embrittlement of steel structures",
   journal="Int. J. Hydrogen Energy", volume="42", pages="11980–11995", year="2017"}

@article{YuCocksTarleton09,
author="Yu, H. and Cocks, A. and Tarleton, E.",
title="Discrete dislocation plasticity HELPs understand hydrogen effects in bcc materials",
journal="Journal of the Mechanics and Physics of Solids", volume="123", pages="41--60", year="2009"}

@article{WangAkiyamaTsuzaki05,
author="Wang, M. and Akiyama, E. and Tsuzaki, K.",
title="Effect of hydrogen and stress concentration on the notch
tensile strength of AISI 4135 steel",
journal="Materials Science and Engineering A", volume="398", pages="37--46", year="2005"}

@article{Nagumo04,
author = {M. Nagumo},
title = {Hydrogen related failure of steels -- a new aspect},
journal = {Materials Science and Technology},
volume = {20},
number = {8},
pages = {940-950},
year  = {2004},
publisher = {Taylor & Francis},
doi = {10.1179/026708304225019687}}
